<?xml version="1.0" encoding="UTF-8"?><collection xmlns="http://www.loc.gov/MARC21/slim"><record><leader>00573nam--2200181-i-4500</leader><controlfield tag="001">000009708</controlfield><controlfield tag="002">20161230</controlfield><controlfield tag="005">20161230201028</controlfield><controlfield tag="008">060222s1000------------r-----000-0-eng-d</controlfield><datafield ind1=" " ind2=" " tag="040"><subfield code="a">IFIN-HH</subfield></datafield><datafield ind1=" " ind2=" " tag="080"><subfield code="a">577.1</subfield></datafield><datafield ind1="1" ind2=" " tag="100"><subfield code="a">Karlson, P</subfield></datafield><datafield ind1="1" ind2="0" tag="245"><subfield code="a">Introduction to modern biochemistry</subfield><subfield code="b">Traslated by charles h. doering</subfield><subfield code="c">P. karlson</subfield></datafield><datafield ind1=" " ind2=" " tag="260"><subfield code="a">New York</subfield><subfield code="b">Academic Press</subfield><subfield code="c">1963</subfield></datafield><datafield ind1=" " ind2=" " tag="300"><subfield code="a">433P</subfield></datafield><datafield ind1=" " ind2=" " tag="500"><subfield code="a">Titlul Original In Limba Germana: Kurzes Lehrbuch Der Biochemie Fur Mediziner Unde Naturwissenschaftler</subfield></datafield><datafield ind1=" " ind2=" " tag="852"><subfield code="a">7506</subfield><subfield code="c">577.1</subfield></datafield><datafield ind1=" " ind2=" " tag="CAT"><subfield code="a">Sys</subfield><subfield code="c">20111012</subfield><subfield code="h">162432</subfield></datafield></record></collection>